@book{frazer1996nsfnet,
  title={NSFNET: A partnership for high-speed networking: Final report, 1987-1995},
  author={Frazer, Karen D},
  year={1996},
  publisher={Merit Network}
}
@inproceedings{kirsch1957experiments,
  title={Experiments in processing pictorial information with a digital computer},
  author={Kirsch, Russell A and Cahn, L and Ray, C and Urban, GH},
  booktitle={Papers and discussions presented at the December 9-13, 1957, eastern joint computer conference: Computers with deadlines to meet},
  pages={221--229},
  year={1957}
}
@article{standard1992information,
  title={Information technology-digital compression and coding of continuous-tone still images-requirements and guidelines},
  author={Standard, JPEG},
  journal={International Telecommunication Union. CCITT recommendation},
  volume={81},
  pages={09},
  year={1992}
}
@article{Eveleth2015Nov,
	author = {Eveleth, Rose},
	title = {{The Atlantic}},
	journal = {Atlantic},
	year = {2015},
	month = {Nov},
	url = {https://www.theatlantic.com/technology/archive/2015/11/how-many-photographs-of-you-are-out-there-in-the-world/413389}
}
@inproceedings{wu2019mantra,
  title={Mantra-net: Manipulation tracing network for detection and localization of image forgeries with anomalous features},
  author={Wu, Yue and AbdAlmageed, Wael and Natarajan, Premkumar},
  booktitle={Proceedings of the IEEE Conference on Computer Vision and Pattern Recognition},
  pages={9543--9552},
  year={2019}
}
@article{simonyan2014very,
  title={Very deep convolutional networks for large-scale image recognition},
  author={Simonyan, Karen and Zisserman, Andrew},
  journal={arXiv preprint arXiv:1409.1556},
  year={2014}
}
@inproceedings{he2016deep,
  title={Deep residual learning for image recognition},
  author={He, Kaiming and Zhang, Xiangyu and Ren, Shaoqing and Sun, Jian},
  booktitle={Proceedings of the IEEE conference on computer vision and pattern recognition},
  pages={770--778},
  year={2016}
}
@article{ioffe2015batch,
  title={Batch normalization: Accelerating deep network training by reducing internal covariate shift},
  author={Ioffe, Sergey and Szegedy, Christian},
  journal={arXiv preprint arXiv:1502.03167},
  year={2015}
}
@article{shen2019fake,
  title={Fake images: The effects of source, intermediary, and digital media literacy on contextual assessment of image credibility online},
  author={Shen, Cuihua and Kasra, Mona and Pan, Wenjing and Bassett, Grace A and Malloch, Yining and O’Brien, James F},
  journal={new media \& society},
  volume={21},
  number={2},
  pages={438--463},
  year={2019},
  publisher={SAGE Publications Sage UK: London, England}
}
@article{nightingale2017can,
  title={Can people identify original and manipulated photos of real-world scenes?},
  author={Nightingale, Sophie J and Wade, Kimberley A and Watson, Derrick G},
  journal={Cognitive research: principles and implications},
  volume={2},
  number={1},
  pages={30},
  year={2017},
  publisher={Springer}
}
@article{heller2018ps,
  title={The ps-battles dataset-an image collection for image manipulation detection},
  author={Heller, Silvan and Rossetto, Luca and Schuldt, Heiko},
  journal={arXiv preprint arXiv:1804.04866},
  year={2018}
}

@inproceedings{cozzolino2017recasting,
  title={Recasting residual-based local descriptors as convolutional neural networks: an application to image forgery detection},
  author={Cozzolino, Davide and Poggi, Giovanni and Verdoliva, Luisa},
  booktitle={Proceedings of the 5th ACM Workshop on Information Hiding and Multimedia Security},
  pages={159--164},
  year={2017}
}

@inproceedings{wei2018c2r,
  title={C2r net: The coarse to refined network for image forgery detection},
  author={Wei, Yang and Bi, Xiuli and Xiao, Bin},
  booktitle={2018 17th IEEE International Conference On Trust, Security And Privacy In Computing And Communications/12th IEEE International Conference On Big Data Science And Engineering (TrustCom/BigDataSE)},
  pages={1656--1659},
  year={2018},
  organization={IEEE}
}
@inproceedings{wu2019mantra,
  title={Mantra-net: Manipulation tracing network for detection and localization of image forgeries with anomalous features},
  author={Wu, Yue and AbdAlmageed, Wael and Natarajan, Premkumar},
  booktitle={Proceedings of the IEEE Conference on Computer Vision and Pattern Recognition},
  pages={9543--9552},
  year={2019}
}
@article{gunawan2017development,
  title={Development of photo forensics algorithm by detecting photoshop manipulation using error level analysis},
  author={Gunawan, Teddy Surya and Hanafiah, Siti Amalina Mohammad and Kartiwi, Mira and Ismail, Nanang and Za’bah, Nor Farahidah and Nordin, Anis Nurashikin},
  journal={Indonesian Journal of Electrical Engineering and Computer Science (IJEECS)},
  volume={7},
  number={1},
  pages={131--137},
  year={2017}
}
@article{jeronymo2017image,
  title={Image forgery detection by semi-automatic wavelet soft-thresholding with error level analysis},
  author={Jeronymo, Daniel Cavalcanti and Borges, Yuri Cassio Campbell and dos Santos Coelho, Leandro},
  journal={Expert Systems with Applications},
  volume={85},
  pages={348--356},
  year={2017},
  publisher={Elsevier}
}
@article{sudiatmika2019image,
  title={Image forgery detection using error level analysis and deep learning},
  author={Sudiatmika, Ida Bagus Kresna and Rahman, Fathur and others},
  journal={Telkomnika},
  volume={17},
  number={2},
  pages={653--659},
  year={2019},
  publisher={Ahmad Dahlan University}
}
